<?xml version="1.0" encoding="UTF-8"?><collection xmlns="http://www.loc.gov/MARC21/slim"><record><leader>00507nam--2200169-i-4500</leader><controlfield tag="001">000011174</controlfield><controlfield tag="002">20161230</controlfield><controlfield tag="005">20161230201029</controlfield><controlfield tag="008">060222s1000------------r-----000-0-eng-d</controlfield><datafield ind1=" " ind2=" " tag="040"><subfield code="a">IFIN-HH</subfield></datafield><datafield ind1=" " ind2=" " tag="080"><subfield code="a">015:539.126.4</subfield></datafield><datafield ind1="1" ind2=" " tag="100"><subfield code="a">Sulak, Lawrence Richard</subfield></datafield><datafield ind1="1" ind2="0" tag="245"><subfield code="a">A precise measurement of the k1 - k2 mass difference</subfield><subfield code="b">Dissertation</subfield><subfield code="c">Lawrence richard sulak</subfield></datafield><datafield ind1=" " ind2=" " tag="260"><subfield code="a">Ann Arbor,Ichigan</subfield><subfield code="b">University Microfilms</subfield><subfield code="c">1971</subfield></datafield><datafield ind1=" " ind2=" " tag="300"><subfield code="a">/PAG.DIF.</subfield></datafield><datafield ind1=" " ind2=" " tag="852"><subfield code="a">37839</subfield><subfield code="c">539.12</subfield></datafield><datafield ind1=" " ind2=" " tag="CAT"><subfield code="a">Sys</subfield><subfield code="c">20111122</subfield><subfield code="h">165157</subfield></datafield></record></collection>